<record xmlns="http://www.loc.gov/MARC21/slim" xmlns:xsi="http://www.w3.org/2001/XMLSchema-instance" xsi:schemaLocation="http://www.loc.gov/MARC21/slim http://www.loc.gov/standards/marcxml/schema/MARC21slim.xsd">

  <leader>00752nam a2200193Ia 4500</leader>
  <datafield ind2=" " tag="999" ind1=" ">
    <subfield code="c">2076</subfield>
    <subfield code="d">2076</subfield>
  </datafield>
  <controlfield tag="008">180828b2007    cl ||||| |||| 00| | spa d</controlfield>
  <datafield tag="090" ind2=" " ind1=" ">
    <subfield code="a">13.07.01 </subfield>
    <subfield code="b">1409</subfield>
  </datafield>
  <datafield tag="110" ind2=" " ind1=" ">
    <subfield code="a">Programa de Promoción de la Reforma Educativa en América Latina y el Caribe</subfield>
    <subfield code="9">450</subfield>
  </datafield>
  <datafield ind2="0" tag="245" ind1="1">
    <subfield code="a">Documentos: La remuneración de los maestros en América latina: ¿Es baja? ¿Afecta la calidad de la enseñanza? / </subfield>
    <subfield code="c">Programa de Promoción de la Reforma Educativa en América Latina  y el Caribe</subfield>
  </datafield>
  <datafield ind1=" " ind2=" " tag="260">
    <subfield code="a">Chile : </subfield>
    <subfield code="b">San Marino, </subfield>
    <subfield code="c">2007</subfield>
  </datafield>
  <datafield ind2=" " tag="300" ind1=" ">
    <subfield code="a">20 páginas</subfield>
  </datafield>
  <datafield ind1=" " ind2=" " tag="500">
    <subfield code="a">Incluye gráficos</subfield>
  </datafield>
  <datafield ind1="1" ind2="4" tag="650">
    <subfield code="a">SALARIOS</subfield>
    <subfield code="9">2846</subfield>
  </datafield>
  <datafield ind1="1" ind2="4" tag="650">
    <subfield code="a">EDUCACIÓN</subfield>
    <subfield code="9">1</subfield>
  </datafield>
  <datafield ind1="1" tag="650" ind2="4">
    <subfield code="a">DOCENTES</subfield>
    <subfield code="9">331</subfield>
  </datafield>
  <datafield tag="650" ind2="4" ind1="1">
    <subfield code="a">ENSEÑANZA</subfield>
    <subfield code="9">14</subfield>
  </datafield>
  <datafield ind1="1" tag="651" ind2="4">
    <subfield code="9">4013</subfield>
    <subfield code="a">AMÉRICA LATINA Y EL CARIBE </subfield>
  </datafield>
  <datafield ind1=" " ind2=" " tag="942">
    <subfield code="2">z</subfield>
    <subfield code="c">01</subfield>
  </datafield>
</record>